<?xml version="1.0" encoding="UTF-8"?><record xmlns="http://www.loc.gov/MARC21/slim" xmlns:cinclude="http://apache.org/cocoon/include/1.0" xmlns:zs="http://www.loc.gov/zing/srw/">
  <leader>00444cz  a2200145n  4500</leader>
  <controlfield tag="001">no2002055869</controlfield>
  <controlfield tag="003">DLC</controlfield>
  <controlfield tag="005">20050509164235.0</controlfield>
  <controlfield tag="008">020626n| acannaabn          |n aaa     c</controlfield>
  <datafield tag="010" ind1=" " ind2=" ">
    <subfield code="a">no2002055869</subfield>
  </datafield>
  <datafield tag="035" ind1=" " ind2=" ">
    <subfield code="a">(OCoLC)oca05796424</subfield>
  </datafield>
  <datafield tag="040" ind1=" " ind2=" ">
    <subfield code="a">InU-Mu</subfield>
    <subfield code="b">eng</subfield>
    <subfield code="c">InU-Mu</subfield>
    <subfield code="d">DLC</subfield>
  </datafield>
  <datafield tag="100" ind1="1" ind2=" ">
    <subfield code="a">Arro, Elmar</subfield>
  </datafield>
  <datafield tag="670" ind1=" " ind2=" ">
    <subfield code="a">BeitraĚge zur Musikgeschichte Osteuropas, 1977:</subfield>
    <subfield code="b">t.p. (Elmar Arro)</subfield>
  </datafield>
  <datafield tag="670" ind1=" " ind2=" ">
    <subfield code="a">Vana aja muusikud, c2003:</subfield>
    <subfield code="b">t.p. (Elmar Arro) p. 7 (1899-1985)</subfield>
  </datafield>
</record>